@online{algorithmsC,
  title        = {Algorithms in C, Hash algorithms},
  url          = {https://thealgorithms.github.io/C/d7/d3b/group__hash.html},
  note         = {Pristupljeno 12. maja 2021}
}

@online{busybox,
  title        = {Busybox},
  url          = {https://www.commandlinux.com/man-page/man1/busybox.1.html},
  note         = {Pristupljeno 12. maja 2021}
}

@online{clockSources,
  title        = {Clock sources, Clock events, sched clock() and delay timers (kernel timekeeping abstractions)},
  url          = {https://www.kernel.org/doc/Documentation/timers/timekeeping.txt},
  note         = {Pristupljeno 3. septembra 2020}
}

@book{cormen2009,
  author       = {Cormen, T. H. and Leiserson, C. E. and Rivest, R. R. and Stein, C.},
  title        = {Introduction to Algorithms},
  year         = {2009},
  publisher    = {MIT Press},
  address      = {Kembridž}
}
@book{cormen2015,
  author    = {Thomas H. Cormen and Charles E. Leiserson and Ronald L. Rivest and Clifford Stein},
  title     = {Introduction to Algorithms},
  year      = {2015},
  edition   = {3},
  publisher = {MIT Press},
  address   = {Cambridge}
}
@thesis{ishkov2015,
  author       = {Ishkov, N.},
  title        = {A complete guide to Linux process scheduling},
  year         = {2015},
  type         = {MSc Thesis},
  school       = {University of Tampere, School of Information Sciences}
}

@book{knuth1998,
  author       = {Knuth, D. E.},
  title        = {The Art of Computer Programming},
  year         = {1998},
  publisher    = {Addison-Wesley},
  address      = {Boston}
}

@online{linuxInterview2020,
  title        = {Linux Interview Questions: Open Files / Open File Descriptors},
  url          = {https://www.thegeekdiary.com/linux-interview-questions-open-files-open-file-descriptors/},
  note         = {Pristupljeno 3. septembra 2021}
}

@online{linuxManualStdin,
  title        = {Linux Programmer's manual, stdin(03)},
  url          = {https://man7.org/linux/man-pages/man3/stdout.3.html},
  note         = {Pristupljeno 12. maja 2021}
}

@book{love2005,
  author       = {Love, R.},
  title        = {Linux kernel development, second edition},
  year         = {2005},
  publisher    = {Sams Publishing},
  address      = {Karmel}
}

@book{love2010,
  author       = {Love, R.},
  title        = {Linux kernel development, third edition},
  year         = {2010},
  publisher    = {Addison-Wesley},
  address      = {Boston}
}

@book{maric2017,
  author       = {Marić, M.},
  title        = {Operativni sistemi},
  year         = {2017},
  publisher    = {Univerzitet u Beogradu},
  address      = {Beograd}
}

@online{qemu,
  title        = {Qemu},
  url          = {https://qemu.org},
  note         = {Pristupljeno 3. septembra 2020}
}

@article{schmidt2015,
  author       = {Schmidt, B.},
  title        = {CPU Clocks and Clock Interrupts, and Their Effects on Schedulers},
  journal      = {Overload},
  year         = {2015},
  volume       = {23},
  number       = {130},
  pages        = {23},
  url          = {https://accu.org/journals/overload/23/130/schmidt_2185/}
}

@article{santavec2019,
  author       = {Šantavec, D.},
  title        = {Implementacija kružnog algoritma sa zadržavanjem u planeru procesa na MP/M II operativnom sistemu},
  journal      = {Petničke sveske},
  year         = {2019},
  volume       = {78},
  pages        = {329}
}

@book{tanenbaum2015,
  author       = {Tanenbaum, S. A. and Bos, H.},
  title        = {Modern Operating Systems},
  year         = {2015},
  publisher    = {Pearson},
  address      = {London}
}

@online{tuxthink2012,
  author       = {{tuxthink}},
  title        = {Module to print the open files of a process},
  year         = {2012},
  url          = {https://tuxthink.blogspot.com/2012/05/module-to-print-open-files-of-process.html},
  note         = {Pristupljeno 3. septembra 2020}
}
