@inproceedings{aaby2010,
  author    = {Aaby, B. G. and Perumalla, K. S. and Seal, S. K.},
  title     = {Efficient simulation of agent-based models on multi-GPU and multi-core clusters},
  booktitle = {Proceedings of the 3rd International ICST Conference on Simulation Tools and Techniques},
  editor    = {Perrone, F. and Stea, G.},
  year      = {2010},
  publisher = {ICST (Institute for Computer Sciences, Social-Informatics and Telecommunications Engineering)},
  address   = {Brussels},
  pages     = {1--10}
}

@incollection{feautrier2011,
  author    = {Feautrier, P.},
  title     = {Bernstein's conditions},
  booktitle = {Encyclopedia of Parallel Computing},
  editor    = {Padua, A.},
  year      = {2011},
  publisher = {Springer},
  address   = {Berlin},
  pages     = {130--134}
}

@inproceedings{jaffry2008,
  author    = {Jaffry, S. W. and Treur, J.},
  title     = {Agent-based and population-based simulation: A comparative case study for epidemics},
  booktitle = {Proceedings of the 22nd European Conference on Modelling and Simulation},
  organization = {ECMS (The European Council for Modelling and Simulation)},
  year      = {2008},
  pages     = {1--10}
}

@article{kermack1927,
  author    = {Kermack, W. O. and McKendrick, A. G.},
  title     = {A contribution to the mathematical theory of epidemics},
  journal   = {Proceedings of the Royal Society of London. Series A},
  year      = {1927},
  volume    = {115},
  number    = {772},
  pages     = {700--721}
}

@article{kovac2018,
  author    = {Kovac, T. and Haber, T. and Van Reeth, F. and Hens, N.},
  title     = {Heterogeneous computing for epidemiological model fitting and simulation},
  journal   = {BMC Bioinformatics},
  year      = {2018},
  volume    = {19},
  number    = {1},
  pages     = {101--111}
}

@article{matsumoto1998,
  author    = {Matsumoto, M. and Nishimura, T.},
  title     = {Mersenne twister: a 623-dimensionally equidistributed uniform pseudo-random number generator},
  journal   = {ACM Transactions on Modeling and Computer Simulation (TOMACS)},
  year      = {1998},
  volume    = {8},
  number    = {1},
  pages     = {3--30}
}

@inproceedings{shekh2015,
  author    = {Shekh, B. and De Doncker, E. and Prieto, D.},
  title     = {Hybrid multi-threaded simulation of agent-based pandemic modeling using multiple GPUs},
  booktitle = {2015 IEEE International Conference on Bioinformatics and Biomedicine (BIBM)},
  publisher = {IEEE},
  year      = {2015},
  pages     = {1478--1485}
}

@article{zou2013,
  author    = {Zou, P. and LÃ¼, Y. S. and Wu, L. D. and Chen, L. L. and Yao, Y. P.},
  title     = {Epidemic simulation of a large-scale social contact network on GPU clusters},
  journal   = {Simulation},
  year      = {2013},
  volume    = {89},
  number    = {10},
  pages     = {1154--1172}
}
