@article{arlot2009crossvalidation,
  author    = {Arlot, S. and Celisse, C.},
  title     = {A survey of cross-validation procedures for model selection},
  journal   = {Statistics Surveys},
  volume    = {4},
  year      = {2009}
}

@inproceedings{gaurav2013twitter,
  author    = {Gaurav, M. and Kumar, A. and Srivastava, A. and Miller, S.},
  title     = {Leveraging Candidate Popularity on Twitter to Predict Election Outcome},
  booktitle = {Proceedings of the 7th Workshop on Social Network Mining and Analysis (SNAKDD '13)},
  publisher = {ACM},
  address   = {New York},
  pages     = {7:1--7:8},
  year      = {2013}
}

@article{hossin2015evaluation,
  author    = {Hossin, M. and Sulaiman, M. N.},
  title     = {A review on evaluation metrics for data classification evaluations},
  journal   = {International Journal of Data Mining \& Knowledge Management Process},
  pages     = {1},
  year      = {2015}
}

@inproceedings{hutto2014vader,
  author    = {Hutto, C. J. and Gilbert, E.},
  title     = {VADER: A Parsimonious Rule-based Model for Sentiment Analysis of Social Media Text},
  booktitle = {Proceedings of the 8th International AAAI Conference on Weblogs and Social Media (ICWSM-14)},
  editor    = {Adar, E. and Resnick, P.},
  publisher = {AAAI Press},
  address   = {Palo Alto},
  pages     = {216--225},
  year      = {2014}
}

@incollection{kursuncu2019predictive,
  author    = {Kursuncu, U. and Gaur, M. and Lokala, U. and Thirunarayan, K. and Sheth, A. and Arpinar, I.},
  title     = {Predictive Analysis on Twitter: Techniques and Applications},
  booktitle = {Emerging Research Challenges and Opportunities in Computational Social Network Analysis and Mining},
  pages     = {67--104},
  year      = {2019}
}

@inproceedings{ramteke2016election,
  author    = {Ramteke, J. and Shah, S. and Godhia, D. and Shaikh, A.},
  title     = {Election result prediction using Twitter sentiment analysis},
  booktitle = {2016 International Conference on Inventive Computation Technologies (ICICT)},
  publisher = {IEEE},
  pages     = {1--5},
  year      = {2016}
}

@misc{statista2020twitterusers,
  author    = {Statista},
  title     = {Number of monetizable daily active Twitter users (mDAU) worldwide},
  year      = {2020},
  howpublished = {\url{https://www.statista.com/statistics/970920/monetizable-daily-active-twitter-users-worldwide/}},
  note      = {Accessed: 2025-08-22}
}

@book{taboga2017linear,
  author    = {Taboga, M.},
  title     = {Linear Regression Models, Lectures on Probability Theory and Mathematical Statistics, Third Edition},
  publisher = {Kindle Direct Publishing},
  year      = {2017}
}

@article{zolghadr2018election,
  author    = {Zolghadr, M. and Niaki, S. A. A. and Niaki, S. T. A.},
  title     = {Modeling and forecasting US presidential election using learning algorithms},
  journal   = {Journal of Industrial Engineering International},
  volume    = {14},
  number    = {3},
  pages     = {491--500},
  publisher = {Springer},
  address   = {Heidelberg},
  year      = {2018}
}
